<record xmlns="http://www.loc.gov/MARC21/slim" xmlns:xsi="http://www.w3.org/2001/XMLSchema-instance" xsi:schemaLocation="http://www.loc.gov/MARC21/slim http://www.loc.gov/standards/marcxml/schema/MARC21slim.xsd"><leader>03934nam a2200577   4500</leader><controlfield tag="001">1935583</controlfield><controlfield tag="003">NIC</controlfield><controlfield tag="006">m        d        </controlfield><controlfield tag="007">cr cn |||m|||a</controlfield><controlfield tag="008">150113r19701905iq      ob    001 0 arard</controlfield><datafield ind1=" " ind2=" " tag="040"><subfield code="a">NNU</subfield><subfield code="b">eng</subfield><subfield code="e">rda</subfield><subfield code="c">NNU</subfield></datafield><datafield ind1="0" ind2=" " tag="041"><subfield code="a">ara</subfield><subfield code="a">ger</subfield></datafield><datafield ind1=" " ind2="4" tag="050"><subfield code="a">PJ6601</subfield><subfield code="b">.T45 1970z</subfield></datafield><datafield ind1="0" ind2=" " tag="130"><subfield code="a">Texte zur arabischen Lexikographie.</subfield></datafield><datafield ind1="1" ind2="3" tag="245"><subfield code="6">880-01</subfield><subfield code="a">al-Kanz al-lughawi&#772; fi&#772; al-lasan al-&#699;Arabi&#772; :</subfield><subfield code="b">naqlan &#699;an nusakh qadi&#772;mah /</subfield><subfield code="c">sa&#699;a&#769; fi&#772; nashrihi wa-ta&#699;li&#772;q h&#803;awa&#772;shi&#772;hi U&#772;ghust Hafnir.</subfield></datafield><datafield ind1="1" ind2="5" tag="246"><subfield code="a">Texte zur arabischen Lexikographie</subfield></datafield><datafield ind1=" " ind2=" " tag="260"><subfield code="6">880-02</subfield><subfield code="a">Baghda&#772;d :</subfield><subfield code="b">A&#699;a&#772;dat t&#803;ab&#699;ahu bi-al-u&#772;fsit Maktabat al-Muthanna&#769;,</subfield><subfield code="c">[1970?]</subfield></datafield><datafield ind1=" " ind2=" " tag="300"><subfield code="a">online resource (328, 73, xiv pages)</subfield></datafield><datafield ind1=" " ind2=" " tag="336"><subfield code="a">text</subfield><subfield code="2">rdacontent</subfield></datafield><datafield ind1=" " ind2=" " tag="337"><subfield code="a">computer</subfield><subfield code="2">rdamedia</subfield></datafield><datafield ind1=" " ind2=" " tag="338"><subfield code="a">online resource</subfield><subfield code="2">rdacarrier</subfield></datafield><datafield ind1=" " ind2=" " tag="500"><subfield code="a">Part of the Arabic Collections Online (ACO) project, contributed by Cornell University Libraries.</subfield></datafield><datafield ind1=" " ind2=" " tag="533"><subfield code="a">Electronic reproduction.</subfield><subfield code="b">New York, N.Y. :</subfield><subfield code="c">New York University,</subfield><subfield code="d">2015.</subfield><subfield code="5">NNU</subfield></datafield><datafield ind1=" " ind2=" " tag="546"><subfield code="a">Text in Arabic (vocalized); preface and notes in German.</subfield></datafield><datafield ind1=" " ind2=" " tag="534"><subfield code="p">Reprint. Originally published:</subfield><subfield code="c">Leipzig : Otto Harrassowitz, 1905.</subfield></datafield><datafield ind1=" " ind2=" " tag="500"><subfield code="a">"Die 'Texte ... ' enthalten ... Das 'Kita&#770;b al-k&#803;alb u al-&#700;ibda&#770;l' von Ibn es-Sikki&#770;t, sowie zwei Abhandlungen von al-&#700;As&#803;ma&#699;i&#770; ... das 'Kita&#770;b el-&#700;ibil' in zwei verschiedenen Redaktionen und das 'Kita&#770;b h&#814;alk&#803; el-&#700;insa&#770;n'."--Page [iii].</subfield></datafield><datafield ind1=" " ind2=" " tag="500"><subfield code="a">Preliminary pages in German incorrectly bound: [iii]-xiv.</subfield></datafield><datafield ind1=" " ind2=" " tag="504"><subfield code="a">Includes bibliographical references and indexes.</subfield></datafield><datafield ind1="0" ind2="0" tag="505"><subfield code="6">880-03</subfield><subfield code="t">Kita&#772;b al-Qalb wa-al-ibda&#772;l /</subfield><subfield code="r">s&#803;an&#699;at Abi&#772; Yu&#772;suf Ya&#699;qu&#772;b ibn Ish&#803;a&#772;q al-Sikki&#772;t --</subfield><subfield code="t">Kita&#772;b al-Ibil /</subfield><subfield code="r">&#699;an al-As&#803;ma&#699;i&#772; --</subfield><subfield code="t">Kita&#772;b Khalq al-insa&#772;n /</subfield><subfield code="r">ta&#700;li&#772;f Abi&#772; Sa&#699;i&#772;d &#699;Abd al-Malik ibn Qurayb al-As&#803;ma&#699;i&#772;.</subfield></datafield><datafield ind1=" " ind2=" " tag="500"><subfield code="a">Arabic t.p. dated: 1903.</subfield></datafield><datafield ind1=" " ind2="0" tag="650"><subfield code="a">Arabic language</subfield><subfield code="x">Lexicography</subfield><subfield code="v">Early works to 1800.</subfield></datafield><datafield ind1=" " ind2="7" tag="650"><subfield code="a">Arabic language</subfield><subfield code="x">Lexicography.</subfield><subfield code="2">fast</subfield><subfield code="0">(OCoLC)fst00812371</subfield></datafield><datafield ind1=" " ind2="7" tag="655"><subfield code="a">Early works.</subfield><subfield code="2">fast</subfield><subfield code="0">(OCoLC)fst01411636</subfield></datafield><datafield ind1="1" ind2=" " tag="700"><subfield code="6">880-04</subfield><subfield code="a">Haffner, Auguste.</subfield></datafield><datafield ind1="0" ind2="2" tag="700"><subfield code="6">880-05</subfield><subfield code="a">Ibn al-Sikki&#772;t,</subfield><subfield code="d">-857 or 858.</subfield><subfield code="t">Qalb wa-al-ibda&#772;l.</subfield></datafield><datafield ind1="1" ind2="2" tag="700"><subfield code="6">880-06</subfield><subfield code="a">As&#803;ma&#699;i&#772;, &#699;Abd al-Malik ibn Qurayb,</subfield><subfield code="d">740-approximately 828.</subfield><subfield code="t">Ibil.</subfield></datafield><datafield ind1="1" ind2="2" tag="700"><subfield code="6">880-07</subfield><subfield code="a">As&#803;ma&#699;i&#772;, &#699;Abd al-Malik ibn Qurayb,</subfield><subfield code="d">740-approximately 828.</subfield><subfield code="t">Khalq al-insa&#772;n.</subfield></datafield><datafield ind1="2" ind2=" " tag="710"><subfield code="a">Cornell University.</subfield><subfield code="b">Libraries.</subfield></datafield><datafield ind1="0" ind2=" " tag="730"><subfield code="a">Arabic Collections Online.</subfield></datafield><datafield ind1="0" ind2="8" tag="776"><subfield code="i">Online version:</subfield><subfield code="a">Texte zur arabischen Lexikographie.</subfield><subfield code="t">Kanz al-lughawi&#772; fi&#772; al-lasan al-&#699;Arabi&#772;.</subfield><subfield code="d">Baghda&#772;d : A&#699;a&#772;dat t&#803;ab&#699;ahu bi-al-u&#772;fsit Maktabat al-Muthanna&#769;, [1970?]</subfield><subfield code="w">(OCoLC)855507775</subfield></datafield><datafield ind1="0" ind2="8" tag="776"><subfield code="i">Print version:</subfield><subfield code="t">al-Kanz al-lughawi&#772; fi&#772; al-lasan al-&#699;Arabi&#772;</subfield><subfield code="w">(NIC)1935583</subfield><subfield code="w">(OCoLC)31084592</subfield></datafield><datafield ind1="4" ind2="0" tag="856"><subfield code="u">http://hdl.handle.net/2333.1/73n5td8n</subfield></datafield><datafield ind1="1" ind2="2" tag="880"><subfield code="6">245-01/r</subfield><subfield code="a">&#1575;&#1604;&#1603;&#1606;&#1586; &#1575;&#1604;&#1604;&#1594;&#1608;&#1610; &#1601;&#1610; &#1575;&#1604;&#1604;&#1587;&#1606; &#1575;&#1604;&#1593;&#1585;&#1576;&#1610; :</subfield><subfield code="b">&#1606;&#1602;&#1604;&#1575;&#1611; &#1593;&#1606; &#1606;&#1587;&#1582; &#1602;&#1583;&#1610;&#1605;&#1577; /</subfield><subfield code="c">&#1587;&#1593;&#1609; &#1601;&#1610; &#1606;&#1588;&#1585;&#1607; &#1608;&#1578;&#1593;&#1604;&#1610;&#1602; &#1581;&#1608;&#1575;&#1588;&#1610;&#1607; &#1571;&#1608;&#1594;&#1587;&#1578; &#1607;&#1601;&#1606;&#1585;.</subfield></datafield><datafield ind1=" " ind2=" " tag="880"><subfield code="6">260-02/r</subfield><subfield code="a">&#1576;&#1594;&#1583;&#1575;&#1583; :</subfield><subfield code="b">&#1571;&#1593;&#1575;&#1583;&#1578; &#1591;&#1576;&#1593;&#1607; &#1576;&#1575;&#1604;&#1575;&#1608;&#1601;&#1587;&#1578; &#1605;&#1603;&#1578;&#1576;&#1577; &#1575;&#1604;&#1605;&#1579;&#1606;&#1609;&#1548;</subfield><subfield code="c">[1970&#1567;]</subfield></datafield><datafield ind1="0" ind2="0" tag="880"><subfield code="6">505-03/r</subfield><subfield code="t">&#1603;&#1578;&#1575;&#1576; &#1575;&#1604;&#1602;&#1604;&#1576; &#1608;&#1575;&#1604;&#1573;&#1576;&#1583;&#1575;&#1604; /</subfield><subfield code="r">&#1589;&#1606;&#1593;&#1577; &#1571;&#1576;&#1610; &#1610;&#1608;&#1587;&#1601; &#1610;&#1593;&#1602;&#1608;&#1576; &#1576;&#1606; &#1573;&#1587;&#1581;&#1575;&#1602; &#1575;&#1604;&#1587;&#1603;&#1610;&#1578; --</subfield><subfield code="t">&#1603;&#1578;&#1575;&#1576; &#1575;&#1604;&#1573;&#1576;&#1604; /</subfield><subfield code="r">&#1593;&#1606; &#1575;&#1604;&#1571;&#1589;&#1605;&#1593;&#1610; --</subfield><subfield code="t">&#1603;&#1578;&#1575;&#1576; &#1582;&#1604;&#1602; &#1575;&#1604;&#1573;&#1606;&#1587;&#1575;&#1606; /</subfield><subfield code="r">&#1578;&#1571;&#1604;&#1610;&#1601; &#1571;&#1576;&#1610; &#1587;&#1593;&#1610;&#1583; &#1593;&#1576;&#1583; &#1575;&#1604;&#1605;&#1604;&#1603; &#1576;&#1606; &#1602;&#1585;&#1610;&#1576; &#1575;&#1604;&#1571;&#1589;&#1605;&#1593;&#1610;.</subfield></datafield><datafield ind1="1" ind2=" " tag="880"><subfield code="6">700-04/r</subfield><subfield code="a">&#1607;&#1601;&#1606;&#1585;&#1548; &#1571;&#1608;&#1594;&#1587;&#1578;.</subfield></datafield><datafield ind1="0" ind2="2" tag="880"><subfield code="6">700-05/r</subfield><subfield code="a">&#1575;&#1576;&#1606; &#1575;&#1604;&#1587;&#1603;&#1610;&#1578;&#1548;,</subfield><subfield code="d">-857 or 858. </subfield><subfield code="t">&#1602;&#1604;&#1576; &#1608;&#1575;&#1604;&#1573;&#1576;&#1583;&#1575;&#1604;.</subfield></datafield><datafield ind1="1" ind2="2" tag="880"><subfield code="6">700-06/r</subfield><subfield code="a">&#1571;&#1589;&#1605;&#1593;&#1610;&#1548; &#1593;&#1576;&#1583; &#1575;&#1604;&#1605;&#1604;&#1603; &#1576;&#1606; &#1602;&#1585;&#1610;&#1576;&#1548;</subfield><subfield code="d">740-&#1606;&#1581;&#1608; 828.</subfield><subfield code="t">&#1573;&#1576;&#1604;.</subfield></datafield><datafield ind1="1" ind2="2" tag="880"><subfield code="6">700-07/r</subfield><subfield code="a">&#1571;&#1589;&#1605;&#1593;&#1610;&#1548; &#1593;&#1576;&#1583; &#1575;&#1604;&#1605;&#1604;&#1603; &#1576;&#1606; &#1602;&#1585;&#1610;&#1576;&#1548;</subfield><subfield code="d">740-approximately 828.</subfield><subfield code="t">&#1582;&#1604;&#1602; &#1575;&#1604;&#1573;&#1606;&#1587;&#1575;&#1606;.</subfield></datafield><datafield ind1=" " ind2=" " tag="959"><subfield code="a">NNU</subfield><subfield code="b">WEB</subfield><subfield code="c">GENI</subfield><subfield code="t">0</subfield><subfield code="m">Electronic access</subfield><subfield code="s">01</subfield></datafield><datafield ind1=" " ind2=" " tag="999"><subfield code="i">NIC_1935583</subfield><subfield code="o">(OCoLC)ocm31084592</subfield><subfield code="e">ok</subfield></datafield></record>